@article{amelang2006differentielle,
  title={Differentielle psychologie und pers{\"o}nlichkeitsforschung},
  author={Amelang, Manfred},
  year={2006},
  publisher={W. Kohlhammer Verlag}
}

@article{miller2012smartphone,
  title={The smartphone psychology manifesto},
  author={Miller, Geoffrey},
  journal={Perspectives on Psychological Science},
  volume={7},
  number={3},
  pages={221--237},
  year={2012},
  publisher={Sage Publications}
}

@misc{globalwebindex,
 title = {80\% of inter users own a smartphone},
 howpublished = {\\\url{http://pubs.aeaweb.org/doi/pdfplus/10.1257/jep.28.4.193}},
 author = {Jason Mander},
 note = {\\Zugriff: 5.3.2016}
}

@misc{smartphonemarktanteil,
    title = {Marktanteile der Smartphone Betriebssysteme am Absatz weltweit bis q4 2015}
    howpublished = {\\\url{http://de.statista.com/statistik/daten/studie/73662/umfrage/marktanteil-der-smartphone-betriebssysteme-nach-quartalen}},
    author = {Gartner}
    publisher = {statista}
    note = {\\Zugriff: 8.3.2016}
}

@misc{smartphonealter,
    title = {Altersverteilung der Smartphone-Nutzer in Europa}
    howpublished = {\\\url{http://de.statista.com/statistik/daten/studie/183517/umfrage/altersverteilung-bei-smartphone-besitzern-in-europa/}},
    author = {comScore Mobilense}
    publisher = {statista}
    note = {\\Zugriff: 8.3.2016}
}
